@ARTICLE{rich:user,
	AUTHOR = "Elaine Rich",
	TITLE = "User modeling via stereotypes",
	JOURNAL = "Cognitive Science",
	VOLUME = {3},
	NUMBER = {4},
	PAGES = {329-354},
	YEAR = {1979}	}

@ARTICLE{armstrong:forecasting,
	AUTHOR = "J.S. Armstrong",
	TITLE = "Principles of Forecasting, A Handbook for Researchers and Practitioners",
	YEAR = {2001}	}

@ARTICLE{lilien:marketing,
	AUTHOR = "G.L. Lilien and P. Kotler and K.S. Moorthy",
	TITLE = "Marketing Models",
	JOURNAL = "Prentice Hall",
	YEAR = {1992}	}

@ARTICLE{goldberg:collaborative,
	AUTHOR = "D. Goldberg and D. Nichols and B.M. Oki and D. Terry",
	TITLE = "Collaborative Filtering to Weave an Information Tapestry",
	JOURNAL = "Comm. ACM",
	VOLUME = {35},
	NUMBER = {12},
	PAGES = {61-70},
	YEAR = {1992}	}

@INPROCEEDINGS{hill:virtual,
	AUTHOR = "W. Hill and L. Stead and M. Rosenstein and G. Furnas",
	TITLE = "Recommending and Evaluating Choices in a Virtual Community of Use",
	BOOKTITLE = "Proc. Conf. Human Factors in Computing Systems",
	YEAR = {1995}	}

@ARTICLE{almazro:survey,
	AUTHOR    = {Dhoha Almazro and
               Ghadeer Shahatah and
               Lamia Albdulkarim and
               Mona Kherees and
               Romy Martinez and
               William Nzoukou},
	TITLE     = {A Survey Paper on Recommender Systems},
	JOURNAL   = {CoRR},
	YEAR      = {2010},
	VOLUME    = {abs/1006.5278}
}
@INPROCEEDINGS{clark:pct,
	AUTHOR = "Malcolm Clark",
	TITLE = "Post Congress Tristesse",
	BOOKTITLE = "TeX90 Conference Proceedings",
	PAGES = "84-89",
	ORGANIZATION = "TeX Users Group",
	MONTH = "March", 
	YEAR = {1991}	}

@ARTICLE{herlihy:methodology,
	AUTHOR = "Maurice Herlihy",
	TITLE = "A Methodology for Implementing Highly Concurrent
	Data Objects",
	JOURNAL = {ACM Trans. Program. Lang. Syst.},
	VOLUME = {15},
	NUMBER = {5},
	PAGES = {745-770},
	MONTH = "November",
	YEAR = {1993}	}

@BOOK{Lamport:LaTeX,
	AUTHOR = "Leslie Lamport",
	TITLE = "LaTeX User's Guide and Document Reference Manual",
	PUBLISHER = "Addison-Wesley Publishing Company",
	ADDRESS = "Reading, Massachusetts",
	YEAR = "1986"	}

@BOOK{salas:calculus,
	AUTHOR = "S.L. Salas and Einar Hille",
	TITLE = "Calculus: One and Several Variable",
	PUBLISHER = "John Wiley and Sons",
	ADDRESS = "New York",
	YEAR = "1978"	}






